<record><leader>00000cas a22000007a 4500</leader><controlfield tag="001">14349995</controlfield><controlfield tag="008">861006d18911901iauwr n       0    0eng d</controlfield><datafield ind1=" " ind2=" " tag="010"><subfield code="a">sn 86060212 </subfield></datafield><datafield ind1=" " ind2=" " tag="040"><subfield code="a">INP</subfield><subfield code="b">eng</subfield><subfield code="c">INP</subfield><subfield code="d">OCLCQ</subfield></datafield><datafield ind1=" " ind2=" " tag="042"><subfield code="a">msc</subfield></datafield><datafield ind1="0" ind2="4" tag="245"><subfield code="a">The Winterset review.</subfield></datafield><datafield ind1=" " ind2=" " tag="260"><subfield code="a">Winterset, Iowa :</subfield><subfield code="b">[s.n.],</subfield><subfield code="c">-1901.</subfield></datafield><datafield ind1=" " ind2=" " tag="300"><subfield code="a">v. :</subfield><subfield code="b">ill. ;</subfield><subfield code="c">50-55 cm.</subfield></datafield><datafield ind1=" " ind2=" " tag="310"><subfield code="a">Weekly</subfield></datafield><datafield ind1="1" ind2=" " tag="362"><subfield code="a">Began Dec. 5, 1891.</subfield></datafield><datafield ind1="0" ind2=" " tag="362"><subfield code="a">-10th year, no. 498 (June 26, 1901).</subfield></datafield><datafield ind1=" " ind2=" " tag="500"><subfield code="a">Winterset "Semi-centennial souvenir 49-99" issue published Dec. 27, 1899; includes other special issues.</subfield></datafield><datafield ind1=" " ind2=" " tag="515"><subfield code="a">Issues for July 10, 1894, and June 6, 1900, not published.</subfield></datafield><datafield ind1=" " ind2=" " tag="515"><subfield code="a">Occasional errors in numbering.</subfield></datafield><datafield ind1=" " ind2=" " tag="588"><subfield code="a">Description based on: 3rd year, no. 113 (Feb. 9, 1894).</subfield></datafield><datafield ind1=" " ind2=" " tag="752"><subfield code="a">United States</subfield><subfield code="b">Iowa</subfield><subfield code="c">Madison</subfield><subfield code="d">Winterset.</subfield></datafield><datafield ind1="0" ind2="0" tag="780"><subfield code="t">Madison County review</subfield></datafield></record>